<record xmlns="http://www.loc.gov/MARC21/slim" xmlns:xsi="http://www.w3.org/2001/XMLSchema-instance" xsi:schemaLocation="http://www.loc.gov/MARC21/slim http://www.loc.gov/standards/marcxml/schema/MARC21slim.xsd"><leader>00568cz   2200157n  4500</leader><controlfield tag="001">oca00635956 </controlfield><controlfield tag="005">20011207052627.0</controlfield><controlfield tag="008">811124n| acannaabn          |a aaa      </controlfield><datafield ind1=" " ind2=" " tag="010"><subfield code="a">n  81090754 </subfield></datafield><datafield ind1=" " ind2=" " tag="040"><subfield code="a">DLC</subfield><subfield code="b">eng</subfield><subfield code="c">DLC</subfield><subfield code="d">ICU</subfield><subfield code="d">DLC</subfield><subfield code="d">OCoLC</subfield></datafield><datafield ind1=" " ind2="0" tag="053"><subfield code="a">PA6371.C4</subfield></datafield><datafield ind1="1" ind2=" " tag="100"><subfield code="a">Cicero, Quintus Tullius</subfield></datafield><datafield ind1="1" ind2=" " tag="400"><subfield code="a">Cicerone, Quinto Tullio</subfield></datafield><datafield ind1="1" ind2=" " tag="400"><subfield code="a">CiceroÌ&#x81;n, Quinto Tulio</subfield></datafield><datafield ind1=" " ind2=" " tag="670"><subfield code="a">His Manualetto di campagna elettorale, 1987:</subfield><subfield code="b">t.p. (Quinto Tullio Cicerone)</subfield></datafield><datafield ind1=" " ind2=" " tag="670"><subfield code="a">DuplaÌ&#x81;, A. El manual del candidato de Quinto CiceroÌ&#x81;n, c1990:</subfield><subfield code="b">presentacioÌ&#x81;n (Quinto Tulio CiceroÌ&#x81;n)</subfield></datafield></record>